
@inproceedings{wu_coupled_2016,
	address = {Sun Valley, ID},
	title = {Coupled neutronics and thermal-hydrualics calculation code development for molten salt reactor},
	booktitle = {Proceedings of {PHYSOR} 2016},
	author = {Wu, Hongchun and Zhuang, Kun and Cao, Liangzhi and Li, Yunzhao and Hu, Tianliang},
	month = may,
	year = {2016},
	file = {Wu_coupled_neutronics_and_thermal_hydrualics_calculation_code_development_for_molten_salt_reactor.pdf:/home/ddwooten/Dropbox/Dans_Stuff/Documents/UCB/Research/Molten Salt Reactors/Kinetics/Wu_coupled_neutronics_and_thermal_hydrualics_calculation_code_development_for_molten_salt_reactor.pdf:application/pdf}
}

@inproceedings{zheng_development_2014,
	address = {Kyoto, Japan},
	title = {Development of the neutron kinetics code for thermal molten salt reactor},
	booktitle = {Proceedings of {PHYSOR} 2014},
	author = {Zheng, Youqi and Zhuang, Kun and Cao, Liangzhi and Wu, Hongchun},
	month = oct,
	year = {2014},
	file = {Zheng_Development_of_the_neutron_kinetics_code_for_thermal_molten_salt_reactor.pdf:/home/ddwooten/Dropbox/Dans_Stuff/Documents/UCB/Research/Molten Salt Reactors/Kinetics/Zheng_Development_of_the_neutron_kinetics_code_for_thermal_molten_salt_reactor.pdf:application/pdf}
}

@article{suzuki_reactivity-initiated-accident_2008,
	title = {Reactivity-{Initiated}-{Accident} {Analysis} without {Scram} of a {Molten} {Salt} {Reactor}},
	volume = {45},
	issn = {0022-3131, 1881-1248},
	url = {http://www.tandfonline.com/doi/abs/10.1080/18811248.2008.9711881},
	doi = {10.1080/18811248.2008.9711881},
	language = {en},
	number = {6},
	urldate = {2016-06-14},
	journal = {Journal of Nuclear Science and Technology},
	author = {Suzuki, Nobuhide and Shimazu, Yoichiro},
	month = jun,
	year = {2008},
	pages = {575--581},
	file = {Suzuki_Reactivity_initiated_accident_analysis_without_scram_of_a_molten_salt_reactor.pdf:/home/ddwooten/Dropbox/Dans_Stuff/Documents/UCB/Research/Molten Salt Reactors/Kinetics/Suzuki_Reactivity_initiated_accident_analysis_without_scram_of_a_molten_salt_reactor.pdf:application/pdf}
}

@inproceedings{zhang_couple_2014,
	title = {{COUPLE}, {A} {Time}-{Dependent} {Coupled} {Neutronics} and {Thermal}-{Hydraulics} {Code}, and its {Application} to {MSFR}},
	url = {http://proceedings.asmedigitalcollection.asme.org/proceeding.aspx?articleid=1937075},
	urldate = {2016-06-14},
	booktitle = {2014 22nd {International} {Conference} on {Nuclear} {Engineering}},
	publisher = {American Society of Mechanical Engineers},
	author = {Zhang, Dalin and Zhai, Zhi-Gang and Rineiski, Andrei and Guo, Zhangpeng and Wang, Chenglong and Xiao, Yao and Qiu, Suizheng},
	year = {2014},
	pages = {V003T05A019--V003T05A019},
	file = {Zhang_couple_a_coupled_neutroincs_and_thermal-hydraulics_code_for_transient_analyses_of_molten_salt_reactors.pdf:/home/ddwooten/Dropbox/Dans_Stuff/Documents/UCB/Research/Molten Salt Reactors/Kinetics/Zhang_couple_a_coupled_neutroincs_and_thermal-hydraulics_code_for_transient_analyses_of_molten_salt_reactors.pdf:application/pdf}
}

@article{kophazi_development_2009,
	title = {Development of a three-dimensional time-dependent calculation scheme for molten salt reactors and validation of the measurement data of the molten salt reactor experiment},
	volume = {163},
	url = {http://www.ans.org/pubs/journals/nse/a_9084},
	number = {2},
	urldate = {2016-06-14},
	journal = {Nuclear science and engineering},
	author = {Kópházi, J. and Lathouwers, D. and Kloosterman, J. L.},
	year = {2009},
	pages = {118--131},
	file = {Kophazi_Development_of_a_Three_Dimensional_Time_Dependent_Calculation_Molten_Salt_MSRE.pdf:/home/ddwooten/Dropbox/Dans_Stuff/Documents/UCB/Research/Molten Salt Reactors/Kinetics/Kophazi_Development_of_a_Three_Dimensional_Time_Dependent_Calculation_Molten_Salt_MSRE.pdf:application/pdf}
}

@article{kophazi_mcnp_2003,
	title = {{MCNP} based calculation of reactivity loss in circulating fuel reactors},
	url = {http://mathematicsandcomputation.cowhosting.net/MC03/Papers/039.pdf},
	urldate = {2016-06-14},
	journal = {Nuclear Mathematical and Computational Sciences: A century in Review, A Century Anew},
	author = {Kophazi, J. and Szieberth, M. and Feher, S. and Csom, Gy and de Leege, P. F. A.},
	year = {2003},
	file = {kophazi_mcnp_based_calculation_of_reactivity_loss_in_circulating_fuel_reactors.pdf:/home/ddwooten/Dropbox/Dans_Stuff/Documents/UCB/Research/Molten Salt Reactors/Kinetics/kophazi_mcnp_based_calculation_of_reactivity_loss_in_circulating_fuel_reactors.pdf:application/pdf}
}

@article{krepel_dyn3d-msr_2007,
	title = {{DYN}3D-{MSR} spatial dynamics code for molten salt reactors},
	volume = {34},
	issn = {03064549},
	url = {http://linkinghub.elsevier.com/retrieve/pii/S0306454907000527},
	doi = {10.1016/j.anucene.2006.12.011},
	language = {en},
	number = {6},
	urldate = {2016-06-14},
	journal = {Annals of Nuclear Energy},
	author = {Křepel, Jiří and Rohde, Ulrich and Grundmann, Ulrich and Weiss, Frank-Peter},
	month = jun,
	year = {2007},
	pages = {449--462},
	file = {Krepel_DYN3D_MSR_spatial_dynamics_code_for_molten_salt_reactors.pdf:/home/ddwooten/Dropbox/Dans_Stuff/Documents/UCB/Research/Molten Salt Reactors/Kinetics/Krepel_DYN3D_MSR_spatial_dynamics_code_for_molten_salt_reactors.pdf:application/pdf}
}

@article{wang_molten_2006,
	title = {Molten salt related extensions of the {SIMMER}-{III} code and its application for a burner reactor},
	volume = {236},
	issn = {00295493},
	url = {http://linkinghub.elsevier.com/retrieve/pii/S002954930600330X},
	doi = {10.1016/j.nucengdes.2006.04.022},
	language = {en},
	number = {14-16},
	urldate = {2016-06-14},
	journal = {Nuclear Engineering and Design},
	author = {Wang, Shisheng and Rineiski, Andrei and Maschek, Werner},
	month = aug,
	year = {2006},
	pages = {1580--1588},
	file = {Wang_molten_salt_realted_extensions_of_the_simmer_iii_code_and_its_application_for_a_burner_reactor.pdf:/home/ddwooten/Dropbox/Dans_Stuff/Documents/UCB/Research/Molten Salt Reactors/Kinetics/Wang_molten_salt_realted_extensions_of_the_simmer_iii_code_and_its_application_for_a_burner_reactor.pdf:application/pdf}
}

@article{aufiero_calculating_2014,
	title = {Calculating the effective delayed neutron fraction in the {Molten} {Salt} {Fast} {Reactor}: {Analytical}, deterministic and {Monte} {Carlo} approaches},
	volume = {65},
	issn = {03064549},
	shorttitle = {Calculating the effective delayed neutron fraction in the {Molten} {Salt} {Fast} {Reactor}},
	url = {http://linkinghub.elsevier.com/retrieve/pii/S0306454913005458},
	doi = {10.1016/j.anucene.2013.10.015},
	language = {en},
	urldate = {2016-06-14},
	journal = {Annals of Nuclear Energy},
	author = {Aufiero, Manuele and Brovchenko, Mariya and Cammi, Antonio and Clifford, Ivor and Geoffroy, Olivier and Heuer, Daniel and Laureau, Axel and Losa, Mario and Luzzi, Lelio and Merle-Lucotte, Elsa and Ricotti, Marco E. and Rouch, Hervé},
	month = mar,
	year = {2014},
	pages = {78--90}
}

@article{lapenta_point_2001,
	title = {Point kinetic model for fluid fuel systems},
	volume = {28},
	url = {http://www.sciencedirect.com/science/article/pii/S0306454901000123},
	number = {17},
	urldate = {2016-06-14},
	journal = {Annals of Nuclear Energy},
	author = {Lapenta, Giovanni and Mattioda, F. and Ravetto, Piero},
	year = {2001},
	pages = {1759--1772},
	file = {Lapenta_point_kinetic_model_for_fluid_fuel_systems.pdf:/home/ddwooten/Dropbox/Dans_Stuff/Documents/UCB/Research/Molten Salt Reactors/Kinetics/Lapenta_point_kinetic_model_for_fluid_fuel_systems.pdf:application/pdf}
}

@article{nicolino_coupled_2008,
	title = {Coupled dynamics in the physics of molten salt reactors},
	volume = {35},
	issn = {03064549},
	url = {http://linkinghub.elsevier.com/retrieve/pii/S0306454907001454},
	doi = {10.1016/j.anucene.2007.06.015},
	language = {en},
	number = {2},
	urldate = {2016-07-21},
	journal = {Annals of Nuclear Energy},
	author = {Nicolino, Claudio and Lapenta, Giovanni and Dulla, Sandra and Ravetto, Piero},
	month = feb,
	year = {2008},
	pages = {314--322},
	file = {Nicolino_Coupled_dynamics_in_the_physics_of_the_molten_salt_reactors.pdf:/home/ddwooten/Dropbox/Dans_Stuff/Documents/UCB/Research/Molten Salt Reactors/Kinetics/Nicolino_Coupled_dynamics_in_the_physics_of_the_molten_salt_reactors.pdf:application/pdf}
}

@article{delpech_benchmark_????,
	title = {Benchmark of {Dynamic} {Simulation} {Tools} for {Molten} {Salt} {Reactors}},
	author = {Delpech, M. and Dulla, S. and Garzenne, C. and Lebrun, C. and Szieberth, M. and Kophazi, J. and Krepel, J. and Lecarpentier, D. and Mattioda, F. and Ravetto, P. and {others}},
	file = {Delpech_Benchmark_of_dynamic_simulation_tools_for_molten_salt_reactors.pdf:/home/ddwooten/Dropbox/Dans_Stuff/Documents/UCB/Research/Molten Salt Reactors/Kinetics/Delpech_Benchmark_of_dynamic_simulation_tools_for_molten_salt_reactors.pdf:application/pdf}
}

@article{aufiero_development_2014,
	title = {Development of an {OpenFOAM} model for the {Molten} {Salt} {Fast} {Reactor} transient analysis},
	volume = {111},
	issn = {00092509},
	url = {http://linkinghub.elsevier.com/retrieve/pii/S0009250914001146},
	doi = {10.1016/j.ces.2014.03.003},
	language = {en},
	urldate = {2016-07-21},
	journal = {Chemical Engineering Science},
	author = {Aufiero, Manuele and Cammi, Antonio and Geoffroy, Olivier and Losa, Mario and Luzzi, Lelio and Ricotti, Marco E. and Rouch, Hervé},
	month = may,
	year = {2014},
	pages = {390--401},
	file = {Aufiero_Development_of_an_OpenFOAM_modeL_for_the_molten_salt_fast_reactor_transient_analysis.pdf:/home/ddwooten/Dropbox/Dans_Stuff/Documents/UCB/Research/Molten Salt Reactors/Kinetics/Aufiero_Development_of_an_OpenFOAM_modeL_for_the_molten_salt_fast_reactor_transient_analysis.pdf:application/pdf}
}

@book{international_atomic_energy_agency_evaluated_2010,
	address = {Vienna, Austria},
	title = {Evaluated nuclear data for nuclides within the thorium-uranium fuel cycle.},
	isbn = {978-92-0-101010-0},
	abstract = {The thorium based nuclear fuel cycle offers many advantages with respect to safety, reduced proliferation risk and waste management. However, the quality of nuclear data for the relevant materials is lower than for the comparable materials in uranium or mixed oxide (plutonium) fuel cycles. This publication presents the results of a coordinated research project aiming to improve the database of experimentally measured nuclear data of nuclides appearing in the thorium-uranium fuel cycle. It includes complex and comprehensive evaluated nuclear data files with a broad consensus on quality and validated performance based on benchmark test cases.--Publisher's description.},
	language = {English},
	publisher = {International Atomic Energy Agency},
	author = {{International Atomic Energy Agency}},
	year = {2010},
	note = {OCLC: 651872733},
	file = {Brovchenko_Design_related_studies_for_the_preliminary_safety_assessment_of_the_molten_salt_fast_reactor.pdf:/home/ddwooten/Dropbox/Dans_Stuff/Documents/UCB/Research/Molten Salt Reactors/Kinetics/Brovchenko_Design_related_studies_for_the_preliminary_safety_assessment_of_the_molten_salt_fast_reactor.pdf:application/pdf}
}

@article{doligez_coupled_2014,
	title = {Coupled study of the {Molten} {Salt} {Fast} {Reactor} core physics and its associated reprocessing unit},
	volume = {64},
	issn = {03064549},
	url = {http://linkinghub.elsevier.com/retrieve/pii/S0306454913004799},
	doi = {10.1016/j.anucene.2013.09.009},
	language = {en},
	urldate = {2016-07-21},
	journal = {Annals of Nuclear Energy},
	author = {Doligez, X. and Heuer, D. and Merle-Lucotte, E. and Allibert, M. and Ghetta, V.},
	month = feb,
	year = {2014},
	pages = {430--440},
	file = {Doligez_coupled_study_of_the_molten_salt_fast_reactor_core_physics_and_its_associated_reprocessing_unit.pdf:/home/ddwooten/Dropbox/Dans_Stuff/Documents/UCB/Research/Molten Salt Reactors/Kinetics/Doligez_coupled_study_of_the_molten_salt_fast_reactor_core_physics_and_its_associated_reprocessing_unit.pdf:application/pdf}
}

@article{dulla_dynamics_2008,
	title = {Dynamics of {Fluid} {Fuel} {Reactors} in the {Presence} of {Periodic} {Perturbations}},
	volume = {2008},
	issn = {1687-6075, 1687-6083},
	url = {http://www.hindawi.com/journals/stni/2008/816543/},
	doi = {10.1155/2008/816543},
	language = {en},
	urldate = {2016-07-21},
	journal = {Science and Technology of Nuclear Installations},
	author = {Dulla, S. and Nicolino, C.},
	year = {2008},
	pages = {1--11},
	file = {Dulla_Dynamics_of_fluid_fuel_reactors_in_the_presence_of_periodic_perturbations.pdf:/home/ddwooten/Dropbox/Dans_Stuff/Documents/UCB/Research/Molten Salt Reactors/Kinetics/Dulla_Dynamics_of_fluid_fuel_reactors_in_the_presence_of_periodic_perturbations.pdf:application/pdf}
}

@article{dulla_interactions_2007,
	title = {Interactions {Between} {Fluid}-{Dynamics} and {Neutronic} {Phenomena} in the {Physics} of {Molten}-{Salt} {Systems}},
	volume = {155},
	journal = {Nuclear Science and Engineering},
	author = {Dulla, Sandra and Ravetto, Piero},
	year = {2007},
	pages = {475--488},
	file = {Dulla_interactions_between_fluid_dynamics_and_neutronic_phenomena_in_the_physics_of_molten_salt_systems.pdf:/home/ddwooten/Dropbox/Dans_Stuff/Documents/UCB/Research/Molten Salt Reactors/Kinetics/Dulla_interactions_between_fluid_dynamics_and_neutronic_phenomena_in_the_physics_of_molten_salt_systems.pdf:application/pdf}
}

@phdthesis{dulla_models_2005,
	title = {Models and {Methods} in the neutronics of fluid fuel reactors},
	language = {English},
	school = {Politecnico Di Torino},
	author = {Dulla, Sandra},
	month = mar,
	year = {2005},
	file = {Dulla_Models_and_methods_in_the_neutronics_of_fluid_fuel_reactors.pdf:/home/ddwooten/Dropbox/Dans_Stuff/Documents/UCB/Research/Molten Salt Reactors/Kinetics/Dulla_Models_and_methods_in_the_neutronics_of_fluid_fuel_reactors.pdf:application/pdf}
}

@article{dulla_neutron_2004,
	title = {Neutron kinetics of fluid–fuel systems by the quasi-static method},
	volume = {31},
	issn = {03064549},
	url = {http://linkinghub.elsevier.com/retrieve/pii/S0306454904000982},
	doi = {10.1016/j.anucene.2004.05.004},
	language = {en},
	number = {15},
	urldate = {2016-07-21},
	journal = {Annals of Nuclear Energy},
	author = {Dulla, S. and Ravetto, P. and Rostagno, M.M.},
	month = oct,
	year = {2004},
	pages = {1709--1733},
	file = {Dulla_neutron_kinetics_of_the_fluid_fuel_systems_by_the_quasi_static_method.pdf:/home/ddwooten/Dropbox/Dans_Stuff/Documents/UCB/Research/Molten Salt Reactors/Kinetics/Dulla_neutron_kinetics_of_the_fluid_fuel_systems_by_the_quasi_static_method.pdf:application/pdf}
}

@article{auwerda_computational_2007,
	title = {Computational modeling of a molten salt reactor},
	url = {http://www.janleenkloosterman.nl/reports/thesis_auwerda_2007.pdf},
	urldate = {2016-07-21},
	journal = {Skripsi. TU Delft, Delft},
	author = {Auwerda, Gert Jan},
	year = {2007},
	file = {Auwerda_Computational_modeling_of_a_molten_salt_reactor.pdf:/home/ddwooten/Dropbox/Dans_Stuff/Documents/UCB/Research/Molten Salt Reactors/Kinetics/Auwerda_Computational_modeling_of_a_molten_salt_reactor.pdf:application/pdf}
}

@article{cammi_dimensional_2012,
	title = {Dimensional effects in the modelling of {MSR} dynamics: {Moving} on from simplified schemes of analysis to a multi-physics modelling approach},
	volume = {246},
	issn = {00295493},
	shorttitle = {Dimensional effects in the modelling of {MSR} dynamics},
	url = {http://linkinghub.elsevier.com/retrieve/pii/S0029549311006273},
	doi = {10.1016/j.nucengdes.2011.08.002},
	language = {en},
	urldate = {2016-07-21},
	journal = {Nuclear Engineering and Design},
	author = {Cammi, Antonio and Fiorina, Carlo and Guerrieri, Claudia and Luzzi, Lelio},
	month = may,
	year = {2012},
	pages = {12--26},
	file = {Cammi_Dimensional_effects_in_the_modelling_of_MSR_dynamics.pdf:/home/ddwooten/Dropbox/Dans_Stuff/Documents/UCB/Research/Molten Salt Reactors/Kinetics/Cammi_Dimensional_effects_in_the_modelling_of_MSR_dynamics.pdf:application/pdf}
}

@article{cammi_transfer_2011,
	title = {Transfer {Function} {Modeling} of {Zero}-{Power} {Dynamics} of {Circulating} {Fuel} {Reactors}},
	volume = {133},
	issn = {07424795},
	url = {http://GasTurbinesPower.asmedigitalcollection.asme.org/article.aspx?articleid=1429363},
	doi = {10.1115/1.4002880},
	language = {en},
	number = {5},
	urldate = {2016-07-21},
	journal = {Journal of Engineering for Gas Turbines and Power},
	author = {Cammi, A. and Di Marcello, V. and Guerrieri, C. and Luzzi, L.},
	year = {2011},
	pages = {052916},
	file = {Cammi_Transfer_function_modeling_of_zero_power_dynamics_of_circulating_fuel_reactors.pdf:/home/ddwooten/Dropbox/Dans_Stuff/Documents/UCB/Research/Molten Salt Reactors/Kinetics/Cammi_Transfer_function_modeling_of_zero_power_dynamics_of_circulating_fuel_reactors.pdf:application/pdf}
}

@article{cheng_development_2014,
	title = {Development of a three dimensional multi-physics code for molten salt fast reactor},
	volume = {25},
	journal = {Nuclear Science and Techniques},
	author = {Cheng, Mao-Song and Dai, Zhi-Min},
	year = {2014},
	file = {Cheng_Development_of_a_three_dimension_multi_physics_code_for_molten_salt_fast_reactor.pdf:/home/ddwooten/Dropbox/Dans_Stuff/Documents/UCB/Research/Molten Salt Reactors/Kinetics/Cheng_Development_of_a_three_dimension_multi_physics_code_for_molten_salt_fast_reactor.pdf:application/pdf}
}

@article{dulla_quasi-static_2003,
	title = {Quasi-{Static} {Method} for the {Time}-{Dependent} {Neutronics} of {Fluid}-{Fuel} {Systems}},
	volume = {89},
	journal = {Transactions of the American Nuclear Society},
	author = {Dulla, Sandra and Rostagno, M.M. and Ravetto, Piero},
	year = {2003},
	pages = {446--448},
	file = {Dulla_Quasi_static_method_for_the_time_depdenent_neutronics_of_fluid_fuel_systems.PDF:/home/ddwooten/Dropbox/Dans_Stuff/Documents/UCB/Research/Molten Salt Reactors/Kinetics/Dulla_Quasi_static_method_for_the_time_depdenent_neutronics_of_fluid_fuel_systems.PDF:application/pdf}
}

@article{dulla_quasi-static_2008,
	title = {The quasi-static method revisited},
	volume = {50},
	issn = {01491970},
	url = {http://linkinghub.elsevier.com/retrieve/pii/S014919700800084X},
	doi = {10.1016/j.pnucene.2008.04.009},
	language = {en},
	number = {8},
	urldate = {2016-07-21},
	journal = {Progress in Nuclear Energy},
	author = {Dulla, Sandra and Mund, Ernest H. and Ravetto, Piero},
	month = nov,
	year = {2008},
	pages = {908--920},
	file = {Dulla_Quasi_static_method_revistied.pdf:/home/ddwooten/Dropbox/Dans_Stuff/Documents/UCB/Research/Molten Salt Reactors/Kinetics/Dulla_Quasi_static_method_revistied.pdf:application/pdf}
}

@article{fiorina_modelling_2014,
	title = {Modelling and analysis of the {MSFR} transient behaviour},
	volume = {64},
	issn = {03064549},
	url = {http://linkinghub.elsevier.com/retrieve/pii/S0306454913004118},
	doi = {10.1016/j.anucene.2013.08.003},
	language = {en},
	urldate = {2016-07-21},
	journal = {Annals of Nuclear Energy},
	author = {Fiorina, Carlo and Lathouwers, Danny and Aufiero, Manuele and Cammi, Antonio and Guerrieri, Claudia and Kloosterman, Jan Leen and Luzzi, Lelio and Ricotti, Marco Enrico},
	month = feb,
	year = {2014},
	pages = {485--498},
	file = {Fiorina_Modelling_and_analysis_of_the_msfr_transient_behaviour.pdf:/home/ddwooten/Dropbox/Dans_Stuff/Documents/UCB/Research/Molten Salt Reactors/Kinetics/Fiorina_Modelling_and_analysis_of_the_msfr_transient_behaviour.pdf:application/pdf}
}

@inproceedings{guerrieri_multi-physics_2010,
	title = {A multi-physics numerical model for the {MSR} core dynamics},
	url = {https://www.nss.si/proc/port2010/pdf/102.pdf},
	urldate = {2016-07-21},
	booktitle = {Proceedings of the {International} {Conference} {Nuclear} {Energy} for {New} {Europe} 2010},
	author = {Guerrieri, Claudia and Cammi, Antonio and Fiorina, Carlo and Luzzi, Lelio},
	year = {2010},
	file = {Guerrieri_a_multi_physics_numerical_model_for_the_msr_core_dynamics.pdf:/home/ddwooten/Dropbox/Dans_Stuff/Documents/UCB/Research/Molten Salt Reactors/Kinetics/Guerrieri_a_multi_physics_numerical_model_for_the_msr_core_dynamics.pdf:application/pdf}
}

@article{guerrieri_approach_2013,
	title = {An approach to the {MSR} dynamics and stability analysis},
	volume = {67},
	issn = {01491970},
	url = {http://linkinghub.elsevier.com/retrieve/pii/S0149197013000656},
	doi = {10.1016/j.pnucene.2013.03.020},
	language = {en},
	urldate = {2016-07-21},
	journal = {Progress in Nuclear Energy},
	author = {Guerrieri, Claudia and Cammi, Antonio and Luzzi, Lelio},
	month = aug,
	year = {2013},
	pages = {56--73},
	file = {Guerrieri_An_approach_to_the_msr_dynamics_and_stability_analysis.pdf:/home/ddwooten/Dropbox/Dans_Stuff/Documents/UCB/Research/Molten Salt Reactors/Kinetics/Guerrieri_An_approach_to_the_msr_dynamics_and_stability_analysis.pdf:application/pdf}
}

@inproceedings{guerrieri_preliminary_2012,
	title = {A preliminary study of the {MSFR} dynamics},
	url = {http://proceedings.asmedigitalcollection.asme.org/proceeding.aspx?articleid=1764376},
	urldate = {2016-07-21},
	booktitle = {2012 20th {International} {Conference} on {Nuclear} {Engineering} and the {ASME} 2012 {Power} {Conference}},
	publisher = {American Society of Mechanical Engineers},
	author = {Guerrieri, Claudia and Aufiero, Manuele and Cammi, Antonio and Fiorina, Carlo and Luzzi, Lelio},
	year = {2012},
	pages = {229--238},
	file = {Guerrieri_A_preliminary_study_of_the_MSFR_dynamics.pdf:/home/ddwooten/Dropbox/Dans_Stuff/Documents/UCB/Research/Molten Salt Reactors/Kinetics/Guerrieri_A_preliminary_study_of_the_MSFR_dynamics.pdf:application/pdf}
}

@phdthesis{guerrieri_investigation_2013,
	title = {Investigation of the {Dynamic} {Behaviour} {And} {Of} {Control} {Issues} {Of} {Circulating} {Fuel} {Reactors}},
	language = {English},
	school = {Politecnico Di Milano},
	author = {Guerrieri, Claudia},
	month = feb,
	year = {2013},
	file = {Guerrieri_Investigation_of_the_dynamic_behaviour_and_of_control_issues_of_circulating_fuel_reactors.pdf:/home/ddwooten/Dropbox/Dans_Stuff/Documents/UCB/Research/Molten Salt Reactors/Kinetics/Guerrieri_Investigation_of_the_dynamic_behaviour_and_of_control_issues_of_circulating_fuel_reactors.pdf:application/pdf}
}

@inproceedings{guerrieri_preliminary_2011,
	title = {Preliminary assessment of modelling issues related to the dynamics and control of graphite-moderated {MSR}},
	url = {http://www.academia.edu/download/44067608/Preliminary_Assessment_of_Modelling_Issu20160324-15127-194zxxp.pdf},
	urldate = {2016-07-21},
	booktitle = {11099, {Proc}. of the {International} {Congress} on {Advances} in {Nuclear} {Power} {Plants} ({ICAPP}2011), {Nice}, {France}},
	author = {Guerrieri, Claudia and Fiorina, Carlo and Cammi, Antonio and Luzzi, Lelio},
	year = {2011},
	file = {Guerrieri_preliminary_assessment_of_modeling_issues_related_to_dynamics_and_control_of_graphite_moderated_msrs.pdf:/home/ddwooten/Dropbox/Dans_Stuff/Documents/UCB/Research/Molten Salt Reactors/Kinetics/Guerrieri_preliminary_assessment_of_modeling_issues_related_to_dynamics_and_control_of_graphite_moderated_msrs.pdf:application/pdf}
}

@article{guo_coupled_2013,
	title = {Coupled neutronics/thermal-hydraulics for analysis of molten salt reactor},
	volume = {258},
	issn = {00295493},
	url = {http://linkinghub.elsevier.com/retrieve/pii/S0029549313000290},
	doi = {10.1016/j.nucengdes.2013.01.013},
	language = {en},
	urldate = {2016-07-21},
	journal = {Nuclear Engineering and Design},
	author = {Guo, Zhangpeng and Zhou, Jianjun and Zhang, Dalin and Chaudri, Khurrum Saleem and Tian, Wenxi and Su, Guanghui and Qiu, Suizheng},
	month = may,
	year = {2013},
	pages = {144--156},
	file = {Guo_Coupled_neutronics_thermal_hydraulics_for_analysis_of_molten_salt_reactor.pdf:/home/ddwooten/Dropbox/Dans_Stuff/Documents/UCB/Research/Molten Salt Reactors/Kinetics/Guo_Coupled_neutronics_thermal_hydraulics_for_analysis_of_molten_salt_reactor.pdf:application/pdf}
}

@article{guo_simulations_2013,
	title = {Simulations of unprotected loss of heat sink and combination of events accidents for a molten salt reactor},
	volume = {53},
	issn = {03064549},
	url = {http://linkinghub.elsevier.com/retrieve/pii/S0306454912003593},
	doi = {10.1016/j.anucene.2012.09.009},
	language = {en},
	urldate = {2016-07-21},
	journal = {Annals of Nuclear Energy},
	author = {Guo, Zhangpeng and Zhang, Dalin and Xiao, Yao and Tian, Wenxi and Su, Guanghui and Qiu, Suizheng},
	month = mar,
	year = {2013},
	pages = {309--319},
	file = {Guo_SImulation_of_unprotected_loss_of_heat_sink_and_combination_of_events_accidents_for_a_molten_salt_reactor.pdf:/home/ddwooten/Dropbox/Dans_Stuff/Documents/UCB/Research/Molten Salt Reactors/Kinetics/Guo_SImulation_of_unprotected_loss_of_heat_sink_and_combination_of_events_accidents_for_a_molten_salt_reactor.pdf:application/pdf}
}

@article{kophazi_development_2009-1,
	title = {Development of a three-dimensional time-dependent calculation scheme for molten salt reactors and validation of the measurement data of the molten salt reactor experiment},
	volume = {163},
	url = {http://www.ans.org/pubs/journals/nse/a_9084},
	number = {2},
	urldate = {2016-07-21},
	journal = {Nuclear science and engineering},
	author = {Kópházi, J. and Lathouwers, D. and Kloosterman, J. L.},
	year = {2009},
	pages = {118--131},
	file = {Kophazi_Development_of_a_Three_Dimensional_Time_Dependent_Calculation_Molten_Salt_MSRE.pdf:/home/ddwooten/Dropbox/Dans_Stuff/Documents/UCB/Research/Molten Salt Reactors/Kinetics/Kophazi_Development_of_a_Three_Dimensional_Time_Dependent_Calculation_Molten_Salt_MSRE.pdf:application/pdf}
}

@inproceedings{krepel_development_2004,
	title = {Development and verification of dynamics code for molten salt reactors},
	url = {http://proceedings.asmedigitalcollection.asme.org/data/Conferences/ICONE12/71473/629_1.pdf},
	urldate = {2016-07-21},
	booktitle = {Proc. of the {ICONE} 12th-{International} {Conference} on {Nuclear} {Engineering}, {Arlington}, {Virginia}},
	author = {Krepel, Jiri and Grundmann, Ulrich and Rohde, Ulrich},
	year = {2004},
	pages = {25--29},
	file = {Krepel_Development_and_verification_of_dynamics_code_for_molten_salt_reactors.pdf:/home/ddwooten/Dropbox/Dans_Stuff/Documents/UCB/Research/Molten Salt Reactors/Kinetics/Krepel_Development_and_verification_of_dynamics_code_for_molten_salt_reactors.pdf:application/pdf}
}

@article{krepel_dyn1d-msr_2005,
	title = {{DYN}1D-{MSR} dynamics code for molten salt reactors},
	volume = {32},
	issn = {03064549},
	url = {http://linkinghub.elsevier.com/retrieve/pii/S0306454905001702},
	doi = {10.1016/j.anucene.2005.07.007},
	language = {en},
	number = {17},
	urldate = {2016-07-21},
	journal = {Annals of Nuclear Energy},
	author = {Krepel, Jiri and Grundmann, Ulrich and Rohde, Ulrich and Weiss, Frank-Peter},
	month = nov,
	year = {2005},
	pages = {1799--1824},
	file = {Krepel_DYN1D_MSR_dynamics_code_for_molten_salt_reactors.pdf:/home/ddwooten/Dropbox/Dans_Stuff/Documents/UCB/Research/Molten Salt Reactors/Kinetics/Krepel_DYN1D_MSR_dynamics_code_for_molten_salt_reactors.pdf:application/pdf}
}

@article{krepel_dynamics_2008,
	title = {Dynamics of molten salt reactors},
	volume = {164},
	url = {http://www.ans.org/pubs/journals/nt/a_4006},
	number = {1},
	urldate = {2016-07-21},
	journal = {Nuclear Technology},
	author = {Krepel, Jiri and Rohde, Ulrich and Grundmann, Ulrich and Weiss, Frank-Peter},
	year = {2008},
	pages = {34--44},
	file = {Krepel_Dynamics_of_molten_salt_reactors.pdf:/home/ddwooten/Dropbox/Dans_Stuff/Documents/UCB/Research/Molten Salt Reactors/Kinetics/Krepel_Dynamics_of_molten_salt_reactors.pdf:application/pdf}
}

@inproceedings{krepel_thermophysical_2002,
	title = {Thermophysical {Analysis} of the {ADS} {Systems}},
	url = {http://proceedings.asmedigitalcollection.asme.org/proceeding.aspx?articleid=1574506},
	urldate = {2016-07-21},
	booktitle = {10th {International} {Conference} on {Nuclear} {Engineering}},
	publisher = {American Society of Mechanical Engineers},
	author = {Krepel, Jiri},
	year = {2002},
	pages = {863--866},
	file = {Krepel_Kinetics_of_subcritical_reactor_coupled_with_external_neutron_source_and_with_fluid_fuel.pdf:/home/ddwooten/Dropbox/Dans_Stuff/Documents/UCB/Research/Molten Salt Reactors/Kinetics/Krepel_Kinetics_of_subcritical_reactor_coupled_with_external_neutron_source_and_with_fluid_fuel.pdf:application/pdf}
}

@inproceedings{laureau_coupled_2015,
	title = {Coupled neutronics and thermal-hydraulics transient calculations based on a fission matrix approach: application to the {Molten} {Salt} {Fast} {Reactor}},
	shorttitle = {Coupled neutronics and thermal-hydraulics transient calculations based on a fission matrix approach},
	url = {https://www.researchgate.net/profile/Axel_Laureau/publication/278379321_Coupled_neutronics_and_thermal-hydraulics_transient_calculations_based_on_a_fission_matrix_approach_application_to_the_molten_salt_fast_reactor/links/5592d66d08aed7453d46458a.pdf},
	urldate = {2016-07-21},
	booktitle = {Joint {International} {Conference} on {Mathematics} and {Computation}, {Supercomputing} in {Nuclear} {Applications} and the {Monte} {Carlo} {Method} ({M}\&{C}+ {SNA}+ {MC} 2015), {Nashville}, {USA}},
	author = {Laureau, A. and Aufiero, M. and Rubiolo, P. R. and Merle-Lucotte, E. and Heuer, D.},
	year = {2015},
	file = {Laureau_coupled_neutronics_and_thermal_hydraulics_transient_calculations_based_on_a_fission_matrix_approach.pdf:/home/ddwooten/Dropbox/Dans_Stuff/Documents/UCB/Research/Molten Salt Reactors/Kinetics/Laureau_coupled_neutronics_and_thermal_hydraulics_transient_calculations_based_on_a_fission_matrix_approach.pdf:application/pdf}
}

@article{lecarpentier_neutronic_2003,
	title = {A neutronic program for critical and nonequilibrium study of mobile fuel reactors: the {Cinsf}1D code},
	volume = {143},
	shorttitle = {A neutronic program for critical and nonequilibrium study of mobile fuel reactors},
	url = {http://www.ans.org/pubs/journals/nse/a_2316},
	number = {1},
	urldate = {2016-07-21},
	journal = {Nuclear science and engineering},
	author = {Lecarpentier, David and Carpentier, Vincent},
	year = {2003},
	pages = {33--46},
	file = {Lecarpentier_A_neutronics_program_for_critical_and_nonequilibrium_study_of_mobile_fuel_reactors.pdf:/home/ddwooten/Dropbox/Dans_Stuff/Documents/UCB/Research/Molten Salt Reactors/Kinetics/Lecarpentier_A_neutronics_program_for_critical_and_nonequilibrium_study_of_mobile_fuel_reactors.pdf:application/pdf}
}

@article{li_transient_2015,
	title = {Transient analyses for a molten salt fast reactor with optimized core geometry},
	volume = {292},
	issn = {00295493},
	url = {http://linkinghub.elsevier.com/retrieve/pii/S0029549315002617},
	doi = {10.1016/j.nucengdes.2015.06.011},
	language = {en},
	urldate = {2016-07-21},
	journal = {Nuclear Engineering and Design},
	author = {Li, R. and Wang, S. and Rineiski, A. and Zhang, D. and Merle-Lucotte, E.},
	month = oct,
	year = {2015},
	pages = {164--176},
	file = {Li_transient_analyses_for_a_molten_salt_fast_reactor_with_optimized_core_geometry (Case Conflict).pdf:/home/ddwooten/Dropbox/Dans_Stuff/Documents/UCB/Research/Molten Salt Reactors/Kinetics/Li_transient_analyses_for_a_molten_salt_fast_reactor_with_optimized_core_geometry (Case Conflict).pdf:application/pdf}
}

@inproceedings{merle-lucotte_physical_2015,
	title = {Physical assessment of the load-following and starting procedures for the {Molten} {Salt} {Fast} {Reactor}},
	url = {https://www.researchgate.net/profile/Elsa_Merle-Lucotte/publication/279512045_Physical_Assessment_of_the_Load_Following_and_Starting_Procedures_for_the_Molten_Salt_Fast_Reactor/links/5593d9a308ae1e9cb42a8155.pdf},
	urldate = {2016-07-21},
	booktitle = {International {Congress} on {Advances} in {Nuclear} {Power} {Plants} “{Nuclear} {Innovations} for a {Low}-{Carbon} {Future}”({ICAPP} 2015)},
	author = {Merle-Lucotte, Elsa and Heuer, Daniel and Laureau, Axel and Brovchenko, Mariya and Allibert, Michel and Aufiero, Manuele and Rubiolo, P.},
	year = {2015},
	pages = {901--909},
	file = {Lucotte_physical_assessment_of_the_load_following_and_starting_procedures_for_the_molten_salt_fast_reactor.pdf:/home/ddwooten/Dropbox/Dans_Stuff/Documents/UCB/Research/Molten Salt Reactors/Kinetics/Lucotte_physical_assessment_of_the_load_following_and_starting_procedures_for_the_molten_salt_fast_reactor.pdf:application/pdf}
}

@article{qiu_coupled_2016,
	title = {Coupled neutronics/thermal-hydraulics and safety characteristics of liquid-fueled {Molten} {Salt} {Reactors}},
	volume = {81},
	url = {http://www.hanser-elibrary.com/doi/abs/10.3139/124.110688},
	number = {2},
	urldate = {2016-07-21},
	journal = {Kerntechnik},
	author = {Qiu, S. and Zhang, D. and Liu, L. and Liu, M. and Xu, R. and Gong, C. and Su, G. H.},
	year = {2016},
	pages = {149--159},
	file = {Qiu_Coupled_neutronics_thermal_hydraulics_and_safety_characteristics_of_liquid_fueled_molten_salt_reactors.pdf:/home/ddwooten/Dropbox/Dans_Stuff/Documents/UCB/Research/Molten Salt Reactors/Kinetics/Qiu_Coupled_neutronics_thermal_hydraulics_and_safety_characteristics_of_liquid_fueled_molten_salt_reactors.pdf:application/pdf}
}

@article{rineiski_kinetics_2005,
	title = {Kinetics and cross-section developments for analyses of reactor transmutation concepts with simmer},
	url = {https://www.researchgate.net/profile/W_Maschek/publication/228653490_Kinetics_and_cross-section_developments_for_analyses_of_reactor_transmutation_concepts_with_SIMMER/links/5587e6e208aeb0cdade0eb60.pdf},
	urldate = {2016-07-21},
	journal = {Proc. Mathematics and Computation, Supercomputing, Reactor Physics and Nuclear and Biological Applications, Avignon, France},
	author = {Rineiski, A. and Sinitsa, V. and Maschek, W. and Wang, S.},
	year = {2005},
	file = {Rineiski_Kinetics_and_cross_section_developments_for_analyses_of_reactor_transmutation_concepts_with_simmer.pdf:/home/ddwooten/Dropbox/Dans_Stuff/Documents/UCB/Research/Molten Salt Reactors/Kinetics/Rineiski_Kinetics_and_cross_section_developments_for_analyses_of_reactor_transmutation_concepts_with_simmer.pdf:application/pdf}
}

@article{mattioda_effecctive_2000,
	title = {Effecctive {Delayed} {Neutron} {Fraction} {For} {Fluid}-{Fuel} {Systems}},
	volume = {27},
	journal = {Annals of Nuclear Energy},
	author = {Mattioda, F. and Ravetto, Piero and Ritter, G},
	year = {2000},
	pages = {1523--1532},
	file = {Mattioda_effective_delayed_neutron_fraction_for_fluid_fuel_systems.pdf:/home/ddwooten/Dropbox/Dans_Stuff/Documents/UCB/Research/Molten Salt Reactors/Kinetics/Mattioda_effective_delayed_neutron_fraction_for_fluid_fuel_systems.pdf:application/pdf}
}

@inproceedings{rineiski_safety-related_2006,
	address = {Vancouver, BC, Canada},
	title = {Safety-{Related} {Neutronics} {Parameters} of a {Molten} {Salt} {Actinide} {Recycler} and {Transmuter}},
	author = {Rineiski, Andrei and Ignatiev, V. and Cruz Da, D. and Dulla, Sandra and Feinberg, O. and Malambu, E. and Maschek, W. and Stanculescu, A. and Szieberth, M. and Wang, Shisheng},
	month = sep,
	year = {2006},
	file = {Rineiski_Safety_related_neutronics_parameters_of_a_molten_salt_actinide_recycler_and_transmuter.pdf:/home/ddwooten/Dropbox/Dans_Stuff/Documents/UCB/Research/Molten Salt Reactors/Kinetics/Rineiski_Safety_related_neutronics_parameters_of_a_molten_salt_actinide_recycler_and_transmuter.pdf:application/pdf}
}

@article{shi_development_2016,
	title = {Development and application of a system analysis code for liquid fueled molten salt reactors based on {RELAP}5 code},
	volume = {305},
	issn = {00295493},
	url = {http://linkinghub.elsevier.com/retrieve/pii/S0029549316301674},
	doi = {10.1016/j.nucengdes.2016.05.034},
	language = {en},
	urldate = {2016-07-21},
	journal = {Nuclear Engineering and Design},
	author = {Shi, Chengbin and Cheng, Maosong and Liu, Guimin},
	month = aug,
	year = {2016},
	pages = {378--388},
	file = {Shi_Development_and_application_of_a_system_analysis_code_for_liquid_fueled_molten_salt_reactors_based_on_RELAP5_code.pdf:/home/ddwooten/Dropbox/Dans_Stuff/Documents/UCB/Research/Molten Salt Reactors/Kinetics/Shi_Development_and_application_of_a_system_analysis_code_for_liquid_fueled_molten_salt_reactors_based_on_RELAP5_code.pdf:application/pdf}
}

@article{suzuki_preliminary_2006,
	title = {Preliminary {Safety} {Analysis} on {Depressurization} {Accident} without {Scram} of a {Molten} {Salt} {Reactor}},
	volume = {43},
	issn = {0022-3131, 1881-1248},
	url = {http://www.tandfonline.com/doi/abs/10.1080/18811248.2006.9711154},
	doi = {10.1080/18811248.2006.9711154},
	language = {en},
	number = {7},
	urldate = {2016-07-21},
	journal = {Journal of Nuclear Science and Technology},
	author = {Suzuki, Nobuhide and Shimazu, Yoichiro},
	month = jul,
	year = {2006},
	pages = {720--730},
	file = {Suzuki_Preliminary_safety_analysis_on_depressurization_accident_without_scram_of_a_molten_salt_reactor.pdf:/home/ddwooten/Dropbox/Dans_Stuff/Documents/UCB/Research/Molten Salt Reactors/Kinetics/Suzuki_Preliminary_safety_analysis_on_depressurization_accident_without_scram_of_a_molten_salt_reactor.pdf:application/pdf}
}

@inproceedings{wang_development_2003,
	title = {Development and verification of the {SIMMER}-{III} code for molten salt reactors},
	url = {http://citeseerx.ist.psu.edu/viewdoc/download?doi=10.1.1.484.2298&rep=rep1&type=pdf},
	urldate = {2016-07-21},
	booktitle = {Proc. 2003 {ANS}/{ENS} {International} {Winter} {Meeting} ({GLOBAL} 2003)},
	publisher = {Citeseer},
	author = {Wang, Shisheng and Rineiski, Andrei and Maschek, Werner},
	year = {2003},
	file = {Wang_Development_and_verification_of_the_SIMMER_III_code_for_molten_salt_reactors.pdf:/home/ddwooten/Dropbox/Dans_Stuff/Documents/UCB/Research/Molten Salt Reactors/Kinetics/Wang_Development_and_verification_of_the_SIMMER_III_code_for_molten_salt_reactors.pdf:application/pdf}
}

@article{yamamoto_transient_2006,
	title = {Transient characteristics of small molten salt reactor during blockage accident},
	volume = {35},
	issn = {1099-2871, 1523-1496},
	url = {http://doi.wiley.com/10.1002/htj.20123},
	doi = {10.1002/htj.20123},
	language = {en},
	number = {6},
	urldate = {2016-07-21},
	journal = {Heat Transfer—Asian Research},
	author = {Yamamoto, Takahisa and Mitachi, Koshi and Ikeuchi, Koji and Suzuki, Takashi},
	month = sep,
	year = {2006},
	pages = {434--450},
	file = {Yamamoto_Transient_characteristics_of_small_molten_salt_reactor_during_blockage_accident.pdf:/home/ddwooten/Dropbox/Dans_Stuff/Documents/UCB/Research/Molten Salt Reactors/Kinetics/Yamamoto_Transient_characteristics_of_small_molten_salt_reactor_during_blockage_accident.pdf:application/pdf}
}

@article{zanetti_geometric_2015,
	title = {A {Geometric} {Multiscale} modelling approach to the analysis of {MSR} plant dynamics},
	volume = {83},
	issn = {01491970},
	url = {http://linkinghub.elsevier.com/retrieve/pii/S0149197015000487},
	doi = {10.1016/j.pnucene.2015.02.014},
	language = {en},
	urldate = {2016-07-21},
	journal = {Progress in Nuclear Energy},
	author = {Zanetti, Matteo and Cammi, Antonio and Fiorina, Carlo and Luzzi, Lelio},
	month = aug,
	year = {2015},
	pages = {82--98},
	file = {Zanetti_A_geometric_multiscale_modelling_approach_to_the_analysis_of_MSR_plant_dynamics.pdf:/home/ddwooten/Dropbox/Dans_Stuff/Documents/UCB/Research/Molten Salt Reactors/Kinetics/Zanetti_A_geometric_multiscale_modelling_approach_to_the_analysis_of_MSR_plant_dynamics.pdf:application/pdf}
}

@article{zhang_analysis_2009,
	title = {Analysis on the neutron kinetics for a molten salt reactor},
	volume = {51},
	issn = {01491970},
	url = {http://linkinghub.elsevier.com/retrieve/pii/S0149197008001625},
	doi = {10.1016/j.pnucene.2008.11.008},
	language = {en},
	number = {4-5},
	urldate = {2016-07-21},
	journal = {Progress in Nuclear Energy},
	author = {Zhang, D.L. and Qiu, S.Z. and Su, G.H. and Liu, C.L. and Qian, L.B.},
	month = may,
	year = {2009},
	pages = {624--636},
	file = {Zhang_Analysis_on_the_neutron_kinetics_for_a_molten_salt_reactor.pdf:/home/ddwooten/Dropbox/Dans_Stuff/Documents/UCB/Research/Molten Salt Reactors/Kinetics/Zhang_Analysis_on_the_neutron_kinetics_for_a_molten_salt_reactor.pdf:application/pdf}
}

@article{zhang_development_2009,
	title = {Development of a safety analysis code for molten salt reactors},
	volume = {239},
	issn = {00295493},
	url = {http://linkinghub.elsevier.com/retrieve/pii/S0029549309004191},
	doi = {10.1016/j.nucengdes.2009.08.020},
	language = {en},
	number = {12},
	urldate = {2016-07-21},
	journal = {Nuclear Engineering and Design},
	author = {Zhang, Dalin and Qiu, Suizheng and Su, Guanghui},
	month = dec,
	year = {2009},
	pages = {2778--2785},
	file = {Zhang_Development_of_a_safety_analysis_code_for_molten_salt_reactors.pdf:/home/ddwooten/Dropbox/Dans_Stuff/Documents/UCB/Research/Molten Salt Reactors/Kinetics/Zhang_Development_of_a_safety_analysis_code_for_molten_salt_reactors.pdf:application/pdf}
}

@article{zhang_development_2009-1,
	title = {Development of a steady state analysis code for a molten salt reactor},
	volume = {36},
	issn = {03064549},
	url = {http://linkinghub.elsevier.com/retrieve/pii/S030645490900019X},
	doi = {10.1016/j.anucene.2009.01.004},
	language = {en},
	number = {5},
	urldate = {2016-07-21},
	journal = {Annals of Nuclear Energy},
	author = {Zhang, D.L. and Qiu, S.Z. and Su, G.H. and Liu, C.L.},
	month = may,
	year = {2009},
	pages = {590--603},
	file = {Zhang_Development_of_a_steady_state_analysis_code_for_a_molten_salt_reactor.pdf:/home/ddwooten/Dropbox/Dans_Stuff/Documents/UCB/Research/Molten Salt Reactors/Kinetics/Zhang_Development_of_a_steady_state_analysis_code_for_a_molten_salt_reactor.pdf:application/pdf}
}

@article{zhuang_studies_2015,
	title = {Studies on the molten salt reactor: code development and neutronics analysis of {MSRE}-type design},
	volume = {52},
	issn = {0022-3131, 1881-1248},
	shorttitle = {Studies on the molten salt reactor},
	url = {http://www.tandfonline.com/doi/abs/10.1080/00223131.2014.944240},
	doi = {10.1080/00223131.2014.944240},
	language = {en},
	number = {2},
	urldate = {2016-07-21},
	journal = {Journal of Nuclear Science and Technology},
	author = {Zhuang, Kun and Cao, Liangzhi and Zheng, Youqi and Wu, Hongchun},
	month = feb,
	year = {2015},
	pages = {251--263},
	file = {Zhuang_Studies_on_the_molten_salt_reactor_code_development_and_neutronics_analysis_of_msre_type_design.pdf:/home/ddwooten/Dropbox/Dans_Stuff/Documents/UCB/Research/Molten Salt Reactors/Kinetics/Zhuang_Studies_on_the_molten_salt_reactor_code_development_and_neutronics_analysis_of_msre_type_design.pdf:application/pdf}
}

@article{yamamoto_steady_2005,
	title = {Steady state analysis of small molten salt reactor},
	volume = {48},
	number = {3},
	journal = {JSME International Journal Series B},
	author = {Yamamoto, Takahisa and Mitachi, Koshi and Takashi, Suzuki},
	year = {2005},
	pages = {610--617},
	file = {Yamamoto_Steady_state_analysis_of_small_molten_salt_reactor.pdf:/home/ddwooten/Dropbox/Dans_Stuff/Documents/UCB/Research/Molten Salt Reactors/Kinetics/Yamamoto_Steady_state_analysis_of_small_molten_salt_reactor.pdf:application/pdf}
}

@phdthesis{zanetti_development_2016,
	title = {Development of {New} {Tools} {For} {The} {Analysis} {And} {Simulation} {Of} {Circulating}-{Fuel} {Reactor} {Power} {Plants}},
	school = {Politecnico Di Milano},
	author = {Zanetti, Matteo},
	month = feb,
	year = {2016},
	file = {Zanetti_Development_of_new_tools_for_the_analysis_of_circulating_fuel_reactor_power_plants_REDACTED.pdf:/home/ddwooten/Dropbox/Dans_Stuff/Documents/UCB/Research/Molten Salt Reactors/Kinetics/Zanetti_Development_of_new_tools_for_the_analysis_of_circulating_fuel_reactor_power_plants_REDACTED.pdf:application/pdf}
}

@article{zhang_comparison_2009,
	title = {Comparison of modeling options for delayed neutron precursor movement in a molten salt reactor},
	volume = {100},
	journal = {Transactions of the American Nuclear Society},
	author = {Zhang, Dalin and Rineiski, Andrei and Suizheng, Qiu},
	year = {2009},
	pages = {639--640},
	file = {Zhang_comparison_of_modeling_options_for_delayed_neutron_precursor_movement_in_a_molten_salt_reactor.pdf:/home/ddwooten/Dropbox/Dans_Stuff/Documents/UCB/Research/Molten Salt Reactors/Kinetics/Zhang_comparison_of_modeling_options_for_delayed_neutron_precursor_movement_in_a_molten_salt_reactor.pdf:application/pdf}
}

@article{zhang_kinetics_2011,
	title = {Kinetics models for safety studies of fluid-fuel reactors},
	volume = {104},
	journal = {Transactions of the American Nuclear Society},
	author = {Zhang, Dalin and Rineiski, Andrei},
	year = {2011},
	pages = {848},
	file = {Zhang_kinetics_models_for_safety_studies_of_fluid_fuel_reactors.pdf:/home/ddwooten/Dropbox/Dans_Stuff/Documents/UCB/Research/Molten Salt Reactors/Kinetics/Zhang_kinetics_models_for_safety_studies_of_fluid_fuel_reactors.pdf:application/pdf}
}